%% BiBTeX database for models.tex bibliography
%%
%% bibtexfile{
%%  author      = "James W. Hardin",
%%  version     = "1.00",
%%  date        = "14 March 1999",
%%  filename    = "models.bib",
%%  address     = "Department of Statistics
%%                 Texas A\&M University
%%                 Mail Stop 3143
%%                 College Station, TX
%%                 77843-3143
%%                 USA",
%%  email       = "<jhardin at stat.tamu.edu>" }

%@String{JASA  = {{Journal of the American Statistical Association}}}
%@String{JCGS  = {{Journal of Computational and Graphical Statistics}}}
%@String{JRSSA = {{Journal of the Royal Statistical Society - Series A}}}
%@String{JRSSB = {{Journal of the Royal Statistical Society - Series B}}}

@Book{Agresti2013,
  author	= {Agresti, A.},
  title 	= {Categorical Data Analysis},
  publisher	= {JohnWiley \& Sons},
  address	= {Hoboken, NJ},
  edition	= {3$^{\text{rd}}$},
  year  	= {2013}
}

@Article{AgrestiCoull1998,
 author		= {A. Agresti and B. A. Coull},
 title		= {Approximate is better than 'exact' for interval estimation of binomial proportions},
 journal	= {The American Statistician},
 volume		= {52},
 pages		= {119--126},
 month		= {},
 year		= {1998}
}

@Article{AgrestiCaffo2000,
 author		= {A. Agresti and B. Caffo},
 title		= {Simple and Effective Confidence Intervals for Proportions and Differences of Proportions Result from Adding Two Successes and Two Failures},
 journal	= {The American Statistician},
 volume         = {54},
 pages		= {280--288},
 year		= {2000}
}

@Article{Altham1971,
 author		= {P. M. E. Altham},
 title		= {The analysis of matched proportions}, 
 journal	= {Biometrika},
 volume         = {58},
 pages		= {561--576},
 year		= {1971}
}

@Article{BH1995,
 author		= {Y. Benjamini and Y. Hochberg},
 title		= {Controlling the false discovery rate: a practical and powerful approach to multiple testing},
 journal	= {Journal of the Royal Statistical Society, Series B},
 volume		= {57},
 pages		= {289--300},
 year		= {1995}
}

@Article{Broemeling1996,
 author		= {L. D. Broemeling and M. A. Gregurich},
 title		= {A Bayesian alternative to the analysis of matched categorical responses},
 journal	= {Communications in Statistics - Theory and Methods},
 volume		= {25},
 pages		= {1429--1445},
 year		= {1996}
}

@Article{Cochran1950,
 author		= {W. G. Cochran},
 title		= {The comparison of percentages in matched samples},
 journal	= {Biometrika},
 volume		= {37},
 pages		= {256--266},
 year		= {1950}
}

@Article{Cox1958,
 author		= {Cox, D. R.},
 title		= {Two further applications of a model for binary regressions},
 journal	= {Biometrika},
 volume		= {45},
 pages		= {562--565},
 year		= {1958}
}

@Article{Ding2018,
 author		= {P. Ding and J. K. Blitzstein},
 title		= {On the Gaussian mixture representation of the Laplace distribution},
 journal	= {The American Statistician},
 volume		= {72},
 pages		= {172--174},
 year		= {2018}
}

@Article{GelmanRubin1992,
 author		= {A. Gelman and D. B. Rubin},
 title		= {Inference from iterative simulation using multiple sequences},
 journal	= {Statistical Science},
 volume		= {7},
 pages		= {457--511},
 year		= {1992}
}

@Article{Gelman2006,
 author		= {A. Gelman},
 title		= {Prior distributions for variance parameters in hierarchical models},
 journal	= {Bayesian Analysis},
 volume		= {1},
 pages		= {515--533},
 year		= {2006}
}

@Book{Gelman2013,
  author	= {A. Gelman and J. B. Carlin and H. S. Stern and D. B. Dunson and A. Vehtari and D. B. Rubin},
  title 	= {Bayesian Data Analysis},
  publisher	= {Chapman and Hall-CRC},
  address	= {Boa Raton, FL},
  edition	= {3$^{\text{rd}}$},
  year  	= {2013}
}


@Article{Ghosh2000,
 author		= {M. Ghosh and M.-H. Chen and A. Ghosh and A. Agresti},
 title		= {Hierarchical Bayesian analysis of binary matched pairs data},
 journal	= {Statistica Sinica},
 volume		= {10},
 pages		= {647--657},
 year		= {2000}
}


@Article{Jiang2017,
 author		= {Y. Jiang and J. Xu},
 title		= {A comparative study of matched pair designs with two binary endpoints},
 journal	= {Statistical Methods in Medical Research},
 volume		= {26},
 pages		= {2526--2542},
 year		= {2017}
}

@Article{Kling2006,
 author		= {B. Klingenberg and A. Agresti},
 title		= {Multivariate Extension of McNemar's Test},
 journal	= {Biometrics},
 volume		= {62},
 pages		= {921--928},
 month          = {},
 year		= {2006}
}

@Article{Lui2013,
 author		= {K.-J. Lui and K.-C. Chang},
 title		= {Testing and estimation of proportion (or risk) ratio under the matched-pair design with multiple binary endpoints},
 journal	= {Biometrical Journal},
 volume		= {55},
 pages		= {603--616},
 year		= {2013}
}

@Article{Lui2016,
 author		= {K.-J. Lui and K.-C. Chang},
 title		= {Notes on testing noninferiority in multivariate binary data under the matched-pair design},
 journal	= {Statistical Methods in Medical Research},
 volume		= {25},
 pages		= {1272--1289},
 year		= {2016}
}

@Article{Mantel1959,
 author		= {N. Mantel and W. Haenszel},
 title		= {Statistical aspects of the analysis of data from retrospective studies of disease},
 journal	= {Journal of the National Cancer Institute},
 volume		= {22},
 pages		= {719--748},
 year		= {1959}
}

@Article{McNemar1947,
 author		= {Q. McNemar},
 title		= {Note on the sampling error of the difference between correlated proportions or percentages},
 journal	= {Pyschometrika},
 volume		= {12},
 pages		= {153--157},
 year		= {1947}
}

@Inproceedings{Muller2006,
 author		= {P. M\"uller and G. Parmigiani and K. Rice},
 title		= {FDR and Bayesian multiple comparison rules},
 booktitle	= {Proc. Valencia / ISBA 8th World Meeting on Bayesian Statistics},
 organization	= {ISBA},
 address	= {Benidorm (Alicante, Spain)},
 month         = {June},
 year		= {2006}
}

@Article{Newcombe1998,
 author		= {R. G. Newcombe},
 title		= {Interval estimation for the difference between independent proportions: comparison of eleven methods},
 journal	= {Statistics in Medicine},
 volume		= {17},
 pages		= {873--890},
 year		= {1998}
}

@Article{Wand2011,
 author		= {M. P. Wand and J. T. Ormerod and S .A. Padoan and R. Fr\"uhwirth},
 title		= {Mean field variational Bayes for elaborate distributions},
 journal	= {Bayesian Analysis},
 volume		= {6},
 pages		= {847--900},
 year		= {2011}
}

@Article{Westfall2010,
 author		= {P. H. Westfall and J. F. Troendle and G. Pennello},
 title		= {Multiple McNemar tests},
 journal	= {Biometrics},
 volume		= {66},
 pages		= {1185--1191},
 year		= {2010}
}


@Article{Xu2013,
 author		= {J. Xu and M. Yu },
 title		= {Sample size determination and re-estimation for matched pair designs with multiple binary endpoints},
 journal	= {Biometrical Journal},
 volume		= {55},
 pages		= {430--443},
 year		= {2013}
}


@Article{AlbertChib1993,
 author		= {J. Albert and S. Chib},
 title		= {Bayesian analysis of binary and polychotomous response data},
 journal	= {Journal of the American Statistical Association},
 volume         = {88},
 pages		= {669--679},
 year		= {1993}
}


@Article{Schwartz2000,
 author		= {J. Schwartz },
 title		= {The Distributed Lag between Air Pollution and Daily Deaths},
 journal	= {Epidemiology},
 volume		= {11},
 pages		= {320--326},
 year		= {2000}
}


@Article{Zanobetti2000,
 author		= {A. Zanobetti and M. P. Wand and J. Schwartz and L. M. Ryan },
 title		= {Generalized Additive Distributed Lag Models: Quantifying Mortality Displacement},
 journal	= {Biostatistics},
 volume		= {1},
 pages		= {279--292},
 year		= {2000}
}


@Article{Welty2009,
 author		= {L. J. Welty and R. D. Peng and S. L. Zeger and F. Dominici },
 title		= {Bayesian Distributed Lag Models: Estimating Effects of Particulate Matter Air Pollution on Daily Mortality},
 journal	= {Biometrics},
 volume		= {65},
 pages		= {282--291},
 year		= {2009}
}


@Article{Wilson2017,
 author		= {A. Wilson and Y.-H. M. Chiu and H-.H. L. Hsu and R. O. Wright and R. J. Wright and B. A. Coull },
 title		= {Bayesian distributed lag interaction models to identify perinatal windows of vulnerability in children?s health},
 journal	= {Biostatistics},
 volume		= {18},
 pages		= {537--552},
 year		= {2017}
}


@Article{Malloy2010,
 author		= {E. J. Malloy and J. S. Morris and S. D. Adar and H. Suh and D. R. Gould and B. A. Coull },
 title		= {Wavelet-based functional linear mixed models: an application to measurement error?corrected distributed lag models},
 journal	= {Biostatistics},
 volume		= {11},
 pages		= {432--452},
 year		= {2010}
}


@Article{LutsWand2015,
 author		= {J. Luts and M. P. Wand},
 title		= {Variational Inference for Count Response Semiparametric Regression},
 journal	= {Bayesian Analysis},
 volume         = {10},
 pages		= {991--1023},
 year		= {2015}
}


@Article{OrmerodWand2010,
 author		= {J. T. Ormerod and M. P. Wand},
 title		= {Explaining Variational Approximations},
 journal	= {The American Statistician},
 volume         = {64},
 pages		= {140--153},
 year		= {2010}
}


@Article{You2014,
 author		= {C. You and J. T. Ormerod and S. M\"uller},
 title		= {On Variational Bayes Estimation and Variational Information Criteria for Linear Regression Models},
 journal	= {Australian \& New Zealand Journal of Statistcs},
 volume         = {56},
 pages		= {73--87},
 year		= {2014}
}


@Article{Baek2016,
 author		= {J. Baek and E. V. Sanchez-Vaznaugh and B. N. S\'anchez},
 title		= {Hierarchical Distributed-Lag Models: Exploring Varying Geographic Scale and Magnitude in Associations Between the Built Environment and Health},
 journal	= {American Journal of Epidemiology},
 volume         = {183},
 pages		= {583--592},
 year		= {2016}
}

%%% current publications %%%
@Article{Doces2022,
 author	= {J. A. Doces and M. J. Meyer},
 title		= {Do People Want Democracy Aid?  \uppercase{S}urvey Experimental Evidence From \uppercase{A}frica},
 journal	= {International Studies Perspectives},
 volume	= {in press},
 year		= {2022}
}

@Article{MeyerMorris2022,
 author	= {M. J. Meyer and J. S. Morris and R. Paxton Gazes and B. A. Coull},
 title		= {Ordinal probit functional outcome regression with application to computer-use behavior in rhesus monkeys},
 journal	= {Annals of Applied Statistics},
 volume     = {in press},
 year		= {2022}
}

@Article{Boyce2021,
 author	= {M. R. Boyce and M. J. Meyer and J. D. Kraemer and R. Katz},
 title		= {Financial assistance for health security: effects of international financial assistance on capacities for preventing, detecting, and responding to public health emergencies},
 journal	= {International Journal of Health Policy and Management},
 volume     = {in press},
 doi 		= {10.34172/ijhpm.2021.120},
 year		= {2021}
}

@Article{MeyerYan2021,
 author	= {M. J. Meyer and S. Yan and S. Schlageter and J. D. Kraemer and M. A. Stoto},
 title		= {Adjusting \uppercase{COVID}-19 seroprevalence survey results to account for test sensitivity and specificity},
 journal	= {American Journal of Epidemiology},
 volume    = {in press},
 doi 		= {10.1093/aje/kwab273},
 year		= {2021}
}

@Article{Zemplenyi2021,
 author	= {M. S. Zemplenyi and M. J. Meyer and A. Cardenas and M.-F. Hivert and S. L. Rifas-Shiman and H. Gibson and I. Kloog and J. Schwartz and E. Oken  and D. L. DeMeo and D. R. Gold and B. A. Coull},
 title		= {Function-on-function regression for the identification of epigenetic regions exhibiting windows of susceptibility to environmental exposures},
 journal	= {Annals of Applied Statistics},
 volume	= {15},
 pages	= {1366--1385},
 doi 		= {10.1214/20-AOAS1425},
 year		= {2021}
}

@Article{MeyerMalloy2021,
 author	= {M. J. Meyer and E. J. Malloy and B. A. Coull},
 title		= {Bayesian wavelet-packet historical functional linear models},
 journal	= {Statistics and Computing},
 volume     = {31},
 pages 	= {14},
 doi		= {10.1007/s11222-020-09981-3},
 year		= {2021}
}

@Article{Siedner2020,
 author	= {M. J. Siedner and J. D. Kraemer and M. J. Meyer and G. Harling and T. Mngomezulu and P. Gabela and S. Dlamini and D. Gareta and N. Majozi and N. Ngwenya and J. Seeley and E. Wong and C. Iwuji and M. Shahmanesh and W. Hanekom and K. Herbst},
 title		= {Access to primary healthcare during lockdown measures for \uppercase{COVID}-19 in rural South Africa: a longitudinal cohort study},
 journal	= {BMJ Open},
 volume     = {10},
 pages 	= {e043763},
 doi		= {10.1136/bmjopen-2020-043763},
 year		= {2020}
}

@Article{Meyer2019,
 author	= {M. J. Meyer and I. Mordukhovich and G. A. Wellenius and M. A. Mittleman and J. P. McCracken and B. A. Coull and E. McNeely},
 title		= {Changes in heart rate and rhythm during a crossover study of simulated commercial flight in older and vulnerable participants},
 journal	= {Frontiers Physiology},
 volume     = {10},
 pages 	= {1339},
 doi		= {10.3389/fphys.2019.01339},
 year		= {2019}
}

@Article{Robbins2019,
 author	= {N. M. Robbins and M. J. Meyer and J. L. Bernat},
 title		= {Scope and nature of financial conflicts of interest between neurologists and Industry: 2013 - 2016},
 journal	= {Neurology},
 volume     = {93},
 pages 	= {1--12},
 doi		= {10.1212/WNL.0000000000008067},
 year		= {2019}
}

@Article{Gazes2019,
 author	= {R. P. Gazes and M. D. Lutz and M. J. Meyer and T. Hassett and R. R. Hampton},
 title		= {Influences of demographic, seasonal, and social factors on automated touchscreen computer use by a socially-housed group of rhesus monkeys (\emph{Macaca mulatta})},
 journal	= {PLOS ONE},
 volume     = {14},
 pages 	= {e0215060},
 doi		= {10.1371/journal.pone.0215060},
 year		= {2019}
}

@Article{Takahashi2018,
 author		= {M. Takahashi and M. J. Meyer and C. McPhee and J. R. Gaston and M. Venesky},
 title		= {Seasonal and diel signature of environmental \uppercase{DNA} of the Eastern Hellbenders},
 journal	= {Journal of Wildlife Management},
 volume     = {85},
 pages 	= {217--225},
 doi		= {10.1002/jwmg.21349},
 year		= {2018}
}

@Article{Knutson2018,
 author	= {K. H. Knutson and M. J. Meyer and N. Thakrar and B. D. Stein},
 title		= {Care coordination for youth with mental health disorders in primary care},
 journal	= {Clinical Pediatrics},
 volume	= {57},
 pages	= {5--10},
 doi 		= {10.1177/0009922817733740},
 year		= {2018}
}

@Article{Meyer2015,
 author	= {M. J. Meyer and B. A. Coull and F. Versace and P. Cinciripini and J. S. Morris},
 title		= {Bayesian function-on-function regression for multi-level functional data},
 journal	= {Biometrics},
 volume	= {71},
 pages	= {563--574},
 doi 		= {10.1111/biom.12299},
 year		= {2015}
}

@Article{Zheng2008,
 author	= {G. Zheng and M. J. Meyer and W. T. Li and Y. N. Yang},
 title		= {Comparison of two-phase analyses for case-control genetic association studies},
 journal	= {Statistics in Medicine},
 volume	= {27},
 pages	= {5054--5075},
 doi 		= {10.1002/sim.3336},
 year		= {2008}
}

%%% submitted and under review/in revision %%%
@Article{MeyerLi2022,
 author	= {M. J. Meyer and T. Li and K. H. Knutson},
 title		= {Bayesian analysis of sparse multivariate matched proportions},
 journal	= {Statistical Methods in Medical Research},
 volume	= {Submitted \& Under Review},
 doi 		= {10.48550/arXiv.2108.04096},
 year		= {2022}
}

@Article{MeyerMord2022,
 author	= {M. J. Meyer and I. Mordukhovich and B. A. Coull and J. P. McCracken and R. Germany and G. A. Wellenius and M. A. Mittleman and E. McNeely},
 title		= {Impact of simulated flight conditions on supraventricular and ventricular ectopy},
 journal	= {JAMA Network Open},
 volume	= {Submitted \& Under Review},
 year		= {2022}
}

%%% working papers %%%
@Article{MeyerCarter2022,
 author	= {M. J. Meyer and S. H. Carter and E. McNeely and E. J. Malloy},
 title		= {Model selection in Gaussian longitudinal distributed lag models with variational \uppercase{AIC}s},
 journal	= {Working paper},
 year		= {2022}
}

@Article{Meyer2022,
 author	= {M. J. Meyer},
 title		= {Advances in Historical Functional Linear Models},
 journal	= {WIREs Computational Statistics},
 volume	= {Advanced review in preparation},
 year		= {2022}
}

@Article{MeyerBoyce2022,
 author	= {M. J. Meyer and M. R. Boyce and J. D. Kraemer and E. McNeely and R. Katz},
 title		= {Distributed Lag Models for Cross-sectional and Cross-over Design Ordered Outcomes with Lagged Exposures},
 journal	= {Working paper},
 year		= {2022}
}

@Article{League2022,
 author	= {A. League and D. Bangure and M. J. Meyer and S. Salyer and D. Wanjohi and Y. Kebede Tebeje and E. M. Sorrell and C. J. Standley},
 title		= {Assessing the impact of regional laboratory networks in sub-Saharan Africa on national health security capacities},
 journal	= {Working paper},
 year		= {2022}
}

@Article{Suethanapornkul2022,
 author	= {S. Suethanapornkul and M. J. Meyer and L. Ortega},
 title		= {Adaptation to a novel tense-aspect system is driven by prior statistics},
 journal	= {Working paper},
 year		= {2022}
}

@Article{Jones2022,
 author	= {T. W. Jones and M. J. Meyer},
 title		= {A New (Old) Goodness of Fit Metric for Multidimensional Outcomes},
 journal	= {Working paper},
 year		= {2022}
}

@Article{Loffredo2022,
 author	= {C. Loffredo and J. H. Wang and M. J. Meyer},
 title		= {Liver cancer stigma in \uppercase{T}hailand},
 journal	= {\uppercase{NIH} funded research},
 volume 	= {Award No. 3P30CA051008-28S1},
 year		= {2022}
}

@Article{Cheng2022,
 author	= {C. Cheng and M. J. Meyer},
 title		= {A Comparison of Bayesian Interval Constructions for Functional Outcome Regression},
 journal	= {Working paper},
 year		= {2022}
}

@Article{Rozelle2022,
 author	= {J. W. Rozelle and M. J. Meyer and H. Obaje and K. Johnson and J. D. Kraemer},
 title		= {The influence of age difference on the reporting of sexual activity in the Demographic and Health Surveys},
 journal	= {Working paper},
 year		= {2022}
}

]